@inproceedings{fandom,
  author = "Lindsey {Kuper} and Alex {Rudnick}",
  title = {Fandomized Algorithms and Fandom Number Generation},
  year = 2013,
  crossref = {bovik:13},
}

@proceedings{bovik:13,
  title =        "A Record of the Proceedings of SIGBOVIK 2013",
  booktitle =    "A Record of the Proceedings of SIGBOVIK 2013",
  venue =        {Carnegie Mellon University},
  month =        apr,
  year =         {2013},
  issn =         {2155-0166},
}
